<record><leader>00000cas a2200000 a 4500</leader><controlfield tag="001">35039224</controlfield><controlfield tag="008">960708d188819uumiuwr ne      0    0eng c</controlfield><datafield ind1=" " ind2=" " tag="010"><subfield code="a">sn 96076798 </subfield></datafield><datafield ind1=" " ind2=" " tag="040"><subfield code="a">MHN</subfield><subfield code="b">eng</subfield><subfield code="c">MHN</subfield><subfield code="d">OCL</subfield><subfield code="d">OCLCQ</subfield><subfield code="d">OCLCO</subfield></datafield><datafield ind1="1" ind2=" " tag="029"><subfield code="a">AU@</subfield><subfield code="b">000012679584</subfield></datafield><datafield ind1=" " ind2=" " tag="042"><subfield code="a">pcc</subfield></datafield><datafield ind1=" " ind2=" " tag="043"><subfield code="a">n-us-mi</subfield></datafield><datafield ind1="0" ind2=" " tag="130"><subfield code="a">Concord independent (Concord, Mich.)</subfield></datafield><datafield ind1="1" ind2="0" tag="245"><subfield code="a">Concord independent.</subfield></datafield><datafield ind1=" " ind2=" " tag="260"><subfield code="a">Concord, Mich. :</subfield><subfield code="b">Frank McKinzie</subfield></datafield><datafield ind1=" " ind2=" " tag="300"><subfield code="a">v.</subfield></datafield><datafield ind1=" " ind2=" " tag="310"><subfield code="a">Weekly</subfield></datafield><datafield ind1="0" ind2=" " tag="362"><subfield code="a">Vol. 9, no. 49 (Oct. 25, 1888).</subfield></datafield><datafield ind1=" " ind2="0" tag="651"><subfield code="a">Concord (Mich.)</subfield><subfield code="v">Newspapers.</subfield></datafield><datafield ind1=" " ind2="0" tag="651"><subfield code="a">Jackson County (Mich.)</subfield><subfield code="v">Newspapers.</subfield></datafield><datafield ind1=" " ind2=" " tag="752"><subfield code="a">United States</subfield><subfield code="b">Michigan</subfield><subfield code="c">Jackson</subfield><subfield code="d">Concord.</subfield></datafield><datafield ind1="0" ind2="0" tag="780"><subfield code="t">Our home enterprise</subfield><subfield code="w">(DLC)sn 96076796</subfield><subfield code="w">(OCoLC)35038435</subfield></datafield><datafield ind1="0" ind2="0" tag="785"><subfield code="t">Concord news (Concord, Mich. : 1918)</subfield><subfield code="w">(DLC)sn 96076799</subfield><subfield code="w">(OCoLC)35039284</subfield></datafield></record>